<?xml version="1.0" encoding="UTF-8"?>
<record>
  <leader>00845cas a2200241   4500</leader>
  <controlfield tag="005">20090427095900.0</controlfield>
  <controlfield tag="007">zu</controlfield>
  <controlfield tag="008">                   n mg      0   b      </controlfield>
  <controlfield tag="001">991000128689108979</controlfield>
  <datafield tag="016" ind1=" " ind2=" ">
    <subfield code="2">HBZ</subfield>
    <subfield code="a">HT006919400</subfield>
  </datafield>
  <datafield tag="035" ind1=" " ind2=" ">
    <subfield code="a">(DE-1042)UCB_33892-49hbz_hst</subfield>
  </datafield>
  <datafield tag="035" ind1=" " ind2=" ">
    <subfield code="a">HT006919400</subfield>
    <subfield code="9">ExL</subfield>
  </datafield>
  <datafield tag="035" ind1=" " ind2=" ">
    <subfield code="a">(DE-605)HT006919400</subfield>
  </datafield>
  <datafield tag="035" ind1=" " ind2=" ">
    <subfield code="a">33892</subfield>
  </datafield>
  <datafield tag="040" ind1=" " ind2=" ">
    <subfield code="a">DE</subfield>
    <subfield code="b">                 m  y0gery0103    ba</subfield>
    <subfield code="e">RAK-WB</subfield>
  </datafield>
  <datafield tag="245" ind1="0" ind2="0">
    <subfield code="a">Kreisfreie Städte und Landkreise / </subfield>
    <subfield code="c">Rheinland-Pfalz, Statistisches Landesamt.</subfield>
  </datafield>
  <datafield tag="260" ind1=" " ind2=" ">
    <subfield code="a">Bad Ems.</subfield>
  </datafield>
  <datafield tag="362" ind1="1" ind2=" ">
    <subfield code="a">1998 -</subfield>
  </datafield>
  <datafield tag="710" ind1="2" ind2=" ">
    <subfield code="a">Rheinland-Pfalz.</subfield>
  </datafield>
  <datafield tag="910" ind1=" " ind2=" ">
    <subfield code="a">HT006919400</subfield>
  </datafield>
  <datafield tag="911" ind1=" " ind2=" ">
    <subfield code="a">HT006919400</subfield>
  </datafield>
  <datafield tag="913" ind1=" " ind2=" ">
    <subfield code="a">35524</subfield>
  </datafield>
  <datafield tag="989" ind1=" " ind2=" ">
    <subfield code="a">Beil. zu ---&gt;: Rheinland-Pfalz: Statistische Monatshefte Rheinland-Pfalz</subfield>
    <subfield code="9">LOCAL</subfield>
  </datafield>
  <datafield tag="989" ind1=" " ind2=" ">
    <subfield code="a">Vorg. ---&gt;: Rheinland-Pfalz: Kreisübersichten</subfield>
    <subfield code="9">LOCAL</subfield>
  </datafield>
  <datafield tag="989" ind1=" " ind2=" ">
    <subfield code="a">Ersch. bis 1996 jeweils Apr. u. kumulierend im Okt., ab 1997 jeweils Mai u. kumulierend im Nov.</subfield>
    <subfield code="9">LOCAL</subfield>
  </datafield>
  <datafield tag="MBD" ind1=" " ind2=" ">
    <subfield code="M">49HBZ_HST</subfield>
    <subfield code="i">991000128689108979</subfield>
    <subfield code="n">Hochschule Trier - Umwelt-Campus</subfield>
  </datafield>
  <datafield tag="MNG" ind1=" " ind2=" ">
    <subfield code="c">System</subfield>
    <subfield code="f">ILS</subfield>
    <subfield code="i">marc21</subfield>
    <subfield code="l">50</subfield>
    <subfield code="k">01</subfield>
    <subfield code="e">false</subfield>
    <subfield code="d">2024-10-09 13:04:02 Europe/Berlin</subfield>
    <subfield code="g">UCB_33892-49hbz_hst</subfield>
    <subfield code="j">00</subfield>
    <subfield code="a">import</subfield>
    <subfield code="b">2024-09-16 14:52:44 Europe/Berlin</subfield>
  </datafield>
</record>
